@online{ref:energygov,
    author = {{U.S. Department of Energy.}},
    title = {Solar Radiation Basics},
    url = "https://www.energy.gov/eere/solar/solar-radiation-basics",
    addendum = "(accessed: 19/10/2023)"
}

@misc{ref:solarirreff,
  author = {{K.A. Ibrahim, P.M. Gyuk, S. Aliyu.}},
  title = {The Effect of Solar Irradiation on Solar Cells},
  howpublished = {Science World Journal, vol 14 (No.1)},
  year = {2019}
}

@misc{ref:estsolirr,
  author = {{Ramez Abdallah, Adel Juaidi , Tareq Salameh, Mejdi Jeguirim, Hüseyin Çamur, Youssef Kassem , Samer Abdala.}},
  title = {Estimation of solar irradiation and optimum tilt angles for south-facing surfaces in the United Arab Emirates: a case study using PVGIS and PVWatts},
  howpublished = {Recent Advances in Renewable Energy Technologies},
  year = {2022}
}

@misc{ref:benefitsofshort,
  author = {{A. Jakoplić, D. Franković. V. Kirinčić. T. Plavšić.}},
  title = {Benefits of short-term photovoltaic power production forecasting to the power system},
  howpublished = {Optimization and Engineering},
  year = {2020}
}

@misc{ref:comprehensiveassessment,
  author = {{Bamisile, O., Cai, D., Oluwasanmi, A., Ejiyi, C., Ukwuoma, C. C., Ojo, O., Mukhtar, M., Huang, Q.}},
  title = {Comprehensive assessment, review, and comparison of AI models for solar irradiance prediction based on different time/estimation intervals},
  howpublished = {Scientific Reports (Vol. 12, Issue 1). Springer Science and Business Media LLC},
  year = {2022}
}

@misc{ref:solirrfor,
  author = {{Neha Sehrawat, Sahil Vashisht, Amritpal Singh.}},
  title = {Solar irradiance forecasting models using machine learning techniques and digital twin: A case study with comparison},
  howpublished = {International Journal of Intelligent Networks},
  year = {}
}

@online{ref:calcradsol,
    author = {{Bautista Carrascosa, Inmaculada.}},
    title = {Cálculo de la radiación solar extraterrestre en función de la latitud y la declinación solar},
    url = "https://m.riunet.upv.es/bitstream/handle/10251/68296/Bautista%20-%20C%C3%A1lculo%20de%20la%20radiaci%C3%B3n%20solar%20extraterrestre%20en%20funci%C3%B3n%20de%20la%20latitud%20y%20la%20declinaci%C3%B3n....pdf?sequence=1&isAllowed=y",
    addendum = "(accessed: 19/10/2023)"
}

@misc{ref:deeplmods,
  author = {{P. Kumari and D. Toshniwal.}},
  title = {Deep learning models for solar irradiance forecasting: A comprehensive review},
  howpublished = {Journal of Cleaner Production, vol. 318. Elsevier BV, p. 128566},
  year = {2021}
}

@online{ref:thecausclch,
    author = {{Earth Science Communications Team, NASA's Jet Propulsion Laboratory.}},
    title = {The Causes of Climate Change},
    url = {https://climate.nasa.gov/causes/},
    addendum = "(accessed: 19/10/2023)"
}

@misc{ref:photvfor,
  author = {{Espinar, B., Aznarte, J. L., Girard, R., Moussa, A. M., Kariniotakis, G.}},
  title = {Photovoltaic Forecasting: A state of the art},
  howpublished = {In 5th European PV-Hybrid and Mini-Grid Conference (pp. Pages-250). OTTI-Ostbayerisches Technologie-Transfer-Institut.},
  year = {2010}
}

@misc{ref:shortforrad,
  author = {{Moreno-Munoz, A., De La Rosa, J. J. G., Posadillo, R., Bellido, F.}},
  title = {Very short term forecasting of solar radiation},
  howpublished = {33rd IEEE Photovoltaic Specialists Conference (pp. 1-5). IEEE.},
  year = {2008}
}

@misc{ref:harvestredrist,
  author = {{Anderson, D., Leach, M.}},
  title = {Harvesting and redistributing renewable energy: on the role of gas and electricity grids to overcome intermittency through the generation and storage of hydrogen},
  howpublished = {In Energy Policy (Vol. 32, Issue 14, pp. 1603-1614). Elsevier BV.},
  year = {2004}
}

@misc{ref:shortforsol,
  author = {{Hammer, A., Heinemann, D., Lorenz, E., Lückehe, B.}},
  title = {Short-term forecasting of solar radiation: a statistical approach using satellite data},
  howpublished = {In Solar Energy (Vol. 67, Issues 1-3, pp. 139-150). Elsevier BV.},
  year = {1999}
}

@misc{ref:assenergy,
  author = {{Frías-Paredes, L., Mallor, F., Gastón-Romeo, M., León, T.}},
  title = {Assessing energy forecasting inaccuracy by simultaneously considering temporal and absolute errors},
  howpublished = {In Energy Conversion and Management (Vol. 142, pp. 533-546). Elsevier BV.},
  year = {2017}
}